%YAML 1.1
%TAG !u! tag:unity3d.com,2011:
--- !u!29 &1
OcclusionCullingSettings:
  m_ObjectHideFlags: 0
  serializedVersion: 2
  m_OcclusionBakeSettings:
    smallestOccluder: 5
    smallestHole: 0.25
    backfaceThreshold: 100
  m_SceneGUID: 00000000000000000000000000000000
  m_OcclusionCullingData: {fileID: 0}
--- !u!104 &2
RenderSettings:
  m_ObjectHideFlags: 0
  serializedVersion: 8
  m_Fog: 0
  m_FogColor: {r: 0.5, g: 0.5, b: 0.5, a: 1}
  m_FogMode: 3
  m_FogDensity: 0.01
  m_LinearFogStart: 0
  m_LinearFogEnd: 300
  m_AmbientSkyColor: {r: 0.212, g: 0.227, b: 0.259, a: 1}
  m_AmbientEquatorColor: {r: 0.114, g: 0.125, b: 0.133, a: 1}
  m_AmbientGroundColor: {r: 0.047, g: 0.043, b: 0.035, a: 1}
  m_AmbientIntensity: 1
  m_AmbientMode: 0
  m_SubtractiveShadowColor: {r: 0.42, g: 0.478, b: 0.627, a: 1}
  m_SkyboxMaterial: {fileID: 10304, guid: 0000000000000000f000000000000000, type: 0}
  m_HaloStrength: 0.5
  m_FlareStrength: 1
  m_FlareFadeSpeed: 3
  m_HaloTexture: {fileID: 0}
  m_SpotCookie: {fileID: 10001, guid: 0000000000000000e000000000000000, type: 0}
  m_DefaultReflectionMode: 0
  m_DefaultReflectionResolution: 128
  m_ReflectionBounces: 1
  m_ReflectionIntensity: 1
  m_CustomReflection: {fileID: 0}
  m_Sun: {fileID: 0}
  m_IndirectSpecularColor: {r: 0.44657898, g: 0.4964133, b: 0.5748178, a: 1}
--- !u!157 &3
LightmapSettings:
  m_ObjectHideFlags: 0
  serializedVersion: 11
  m_GIWorkflowMode: 0
  m_GISettings:
    serializedVersion: 2
    m_BounceScale: 1
    m_IndirectOutputScale: 1
    m_AlbedoBoost: 1
    m_TemporalCoherenceThreshold: 1
    m_EnvironmentLightingMode: 0
    m_EnableBakedLightmaps: 1
    m_EnableRealtimeLightmaps: 1
  m_LightmapEditorSettings:
    serializedVersion: 9
    m_Resolution: 2
    m_BakeResolution: 40
    m_TextureWidth: 1024
    m_TextureHeight: 1024
    m_AO: 0
    m_AOMaxDistance: 1
    m_CompAOExponent: 1
    m_CompAOExponentDirect: 0
    m_Padding: 2
    m_LightmapParameters: {fileID: 0}
    m_LightmapsBakeMode: 1
    m_TextureCompression: 1
    m_FinalGather: 0
    m_FinalGatherFiltering: 1
    m_FinalGatherRayCount: 256
    m_ReflectionCompression: 2
    m_MixedBakeMode: 2
    m_BakeBackend: 0
    m_PVRSampling: 1
    m_PVRDirectSampleCount: 32
    m_PVRSampleCount: 500
    m_PVRBounces: 2
    m_PVRFiltering: 0
    m_PVRFilteringMode: 1
    m_PVRCulling: 1
    m_PVRFilteringGaussRadiusDirect: 1
    m_PVRFilteringGaussRadiusIndirect: 5
    m_PVRFilteringGaussRadiusAO: 2
    m_PVRFilteringAtrousColorSigma: 1
    m_PVRFilteringAtrousNormalSigma: 1
    m_PVRFilteringAtrousPositionSigma: 1
  m_LightingDataAsset: {fileID: 0}
  m_UseShadowmask: 1
--- !u!196 &4
NavMeshSettings:
  serializedVersion: 2
  m_ObjectHideFlags: 0
  m_BuildSettings:
    serializedVersion: 2
    agentTypeID: 0
    agentRadius: 0.5
    agentHeight: 2
    agentSlope: 45
    agentClimb: 0.4
    ledgeDropHeight: 0
    maxJumpAcrossDistance: 0
    minRegionArea: 2
    manualCellSize: 0
    cellSize: 0.16666667
    manualTileSize: 0
    tileSize: 256
    accuratePlacement: 0
  m_NavMeshData: {fileID: 0}
--- !u!1001 &45517479
Prefab:
  m_ObjectHideFlags: 0
  serializedVersion: 2
  m_Modification:
    m_TransformParent: {fileID: 536116921}
    m_Modifications:
    - target: {fileID: 4139051546527618, guid: bad474ae11bea6d45b1c63e2c254fa2b, type: 2}
      propertyPath: m_LocalPosition.x
      value: -6.48
      objectReference: {fileID: 0}
    - target: {fileID: 4139051546527618, guid: bad474ae11bea6d45b1c63e2c254fa2b, type: 2}
      propertyPath: m_LocalPosition.y
      value: 0.5
      objectReference: {fileID: 0}
    - target: {fileID: 4139051546527618, guid: bad474ae11bea6d45b1c63e2c254fa2b, type: 2}
      propertyPath: m_LocalPosition.z
      value: -3.4
      objectReference: {fileID: 0}
    - target: {fileID: 4139051546527618, guid: bad474ae11bea6d45b1c63e2c254fa2b, type: 2}
      propertyPath: m_LocalRotation.x
      value: 0.62895274
      objectReference: {fileID: 0}
    - target: {fileID: 4139051546527618, guid: bad474ae11bea6d45b1c63e2c254fa2b, type: 2}
      propertyPath: m_LocalRotation.y
      value: 0.2674633
      objectReference: {fileID: 0}
    - target: {fileID: 4139051546527618, guid: bad474ae11bea6d45b1c63e2c254fa2b, type: 2}
      propertyPath: m_LocalRotation.z
      value: -0.33791307
      objectReference: {fileID: 0}
    - target: {fileID: 4139051546527618, guid: bad474ae11bea6d45b1c63e2c254fa2b, type: 2}
      propertyPath: m_LocalRotation.w
      value: 0.6470677
      objectReference: {fileID: 0}
    - target: {fileID: 4139051546527618, guid: bad474ae11bea6d45b1c63e2c254fa2b, type: 2}
      propertyPath: m_RootOrder
      value: 5
      objectReference: {fileID: 0}
    - target: {fileID: 4139051546527618, guid: bad474ae11bea6d45b1c63e2c254fa2b, type: 2}
      propertyPath: m_LocalScale.x
      value: 0.49999994
      objectReference: {fileID: 0}
    - target: {fileID: 4139051546527618, guid: bad474ae11bea6d45b1c63e2c254fa2b, type: 2}
      propertyPath: m_LocalScale.z
      value: 0.50000024
      objectReference: {fileID: 0}
    - target: {fileID: 1129817922613920, guid: bad474ae11bea6d45b1c63e2c254fa2b, type: 2}
      propertyPath: m_Name
      value: Cube (5)
      objectReference: {fileID: 0}
    m_RemovedComponents: []
  m_ParentPrefab: {fileID: 100100000, guid: bad474ae11bea6d45b1c63e2c254fa2b, type: 2}
  m_IsPrefabParent: 0
--- !u!1 &140875920
GameObject:
  m_ObjectHideFlags: 0
  m_PrefabParentObject: {fileID: 0}
  m_PrefabInternal: {fileID: 0}
  serializedVersion: 5
  m_Component:
  - component: {fileID: 140875921}
  - component: {fileID: 140875923}
  - component: {fileID: 140875922}
  m_Layer: 5
  m_Name: Text
  m_TagString: Untagged
  m_Icon: {fileID: 0}
  m_NavMeshLayer: 0
  m_StaticEditorFlags: 0
  m_IsActive: 1
--- !u!224 &140875921
RectTransform:
  m_ObjectHideFlags: 0
  m_PrefabParentObject: {fileID: 0}
  m_PrefabInternal: {fileID: 0}
  m_GameObject: {fileID: 140875920}
  m_LocalRotation: {x: 0, y: 0, z: 0, w: 1}
  m_LocalPosition: {x: 0, y: 0, z: 0}
  m_LocalScale: {x: 1, y: 1, z: 1}
  m_Children: []
  m_Father: {fileID: 865650427}
  m_RootOrder: 0
  m_LocalEulerAnglesHint: {x: 0, y: 0, z: 0}
  m_AnchorMin: {x: 0, y: 1}
  m_AnchorMax: {x: 0, y: 1}
  m_AnchoredPosition: {x: 70, y: -70}
  m_SizeDelta: {x: 100, y: 100}
  m_Pivot: {x: 0.5, y: 0.5}
--- !u!114 &140875922
MonoBehaviour:
  m_ObjectHideFlags: 0
  m_PrefabParentObject: {fileID: 0}
  m_PrefabInternal: {fileID: 0}
  m_GameObject: {fileID: 140875920}
  m_Enabled: 1
  m_EditorHideFlags: 0
  m_Script: {fileID: 708705254, guid: f5f67c52d1564df4a8936ccd202a3bd8, type: 3}
  m_Name: 
  m_EditorClassIdentifier: 
  m_Material: {fileID: 0}
  m_Color: {r: 0.7794118, g: 0.51005626, b: 0.51005626, a: 1}
  m_RaycastTarget: 1
  m_OnCullStateChanged:
    m_PersistentCalls:
      m_Calls: []
    m_TypeName: UnityEngine.UI.MaskableGraphic+CullStateChangedEvent, UnityEngine.UI,
      Version=1.0.0.0, Culture=neutral, PublicKeyToken=null
  m_FontData:
    m_Font: {fileID: 10102, guid: 0000000000000000e000000000000000, type: 0}
    m_FontSize: 30
    m_FontStyle: 1
    m_BestFit: 0
    m_MinSize: 3
    m_MaxSize: 40
    m_Alignment: 1
    m_AlignByGeometry: 0
    m_RichText: 1
    m_HorizontalOverflow: 1
    m_VerticalOverflow: 0
    m_LineSpacing: 1
  m_Text: 'Count: '
--- !u!222 &140875923
CanvasRenderer:
  m_ObjectHideFlags: 0
  m_PrefabParentObject: {fileID: 0}
  m_PrefabInternal: {fileID: 0}
  m_GameObject: {fileID: 140875920}
--- !u!1 &491644756
GameObject:
  m_ObjectHideFlags: 0
  m_PrefabParentObject: {fileID: 0}
  m_PrefabInternal: {fileID: 0}
  serializedVersion: 5
  m_Component:
  - component: {fileID: 491644761}
  - component: {fileID: 491644760}
  - component: {fileID: 491644759}
  - component: {fileID: 491644758}
  - component: {fileID: 491644757}
  - component: {fileID: 491644762}
  m_Layer: 0
  m_Name: Main Camera
  m_TagString: MainCamera
  m_Icon: {fileID: 0}
  m_NavMeshLayer: 0
  m_StaticEditorFlags: 0
  m_IsActive: 1
--- !u!81 &491644757
AudioListener:
  m_ObjectHideFlags: 0
  m_PrefabParentObject: {fileID: 0}
  m_PrefabInternal: {fileID: 0}
  m_GameObject: {fileID: 491644756}
  m_Enabled: 1
--- !u!124 &491644758
Behaviour:
  m_ObjectHideFlags: 0
  m_PrefabParentObject: {fileID: 0}
  m_PrefabInternal: {fileID: 0}
  m_GameObject: {fileID: 491644756}
  m_Enabled: 1
--- !u!92 &491644759
Behaviour:
  m_ObjectHideFlags: 0
  m_PrefabParentObject: {fileID: 0}
  m_PrefabInternal: {fileID: 0}
  m_GameObject: {fileID: 491644756}
  m_Enabled: 1
--- !u!20 &491644760
Camera:
  m_ObjectHideFlags: 0
  m_PrefabParentObject: {fileID: 0}
  m_PrefabInternal: {fileID: 0}
  m_GameObject: {fileID: 491644756}
  m_Enabled: 1
  serializedVersion: 2
  m_ClearFlags: 1
  m_BackGroundColor: {r: 0.19215687, g: 0.3019608, b: 0.4745098, a: 0}
  m_NormalizedViewPortRect:
    serializedVersion: 2
    x: 0
    y: 0
    width: 1
    height: 1
  near clip plane: 0.3
  far clip plane: 1000
  field of view: 60
  orthographic: 0
  orthographic size: 5
  m_Depth: -1
  m_CullingMask:
    serializedVersion: 2
    m_Bits: 4294967295
  m_RenderingPath: -1
  m_TargetTexture: {fileID: 0}
  m_TargetDisplay: 0
  m_TargetEye: 3
  m_HDR: 1
  m_AllowMSAA: 1
  m_ForceIntoRT: 0
  m_OcclusionCulling: 1
  m_StereoConvergence: 10
  m_StereoSeparation: 0.022
  m_StereoMirrorMode: 0
--- !u!4 &491644761
Transform:
  m_ObjectHideFlags: 0
  m_PrefabParentObject: {fileID: 0}
  m_PrefabInternal: {fileID: 0}
  m_GameObject: {fileID: 491644756}
  m_LocalRotation: {x: 0.38268343, y: -0, z: -0, w: 0.92387956}
  m_LocalPosition: {x: 0, y: 10, z: -10}
  m_LocalScale: {x: 1, y: 1, z: 1}
  m_Children: []
  m_Father: {fileID: 0}
  m_RootOrder: 3
  m_LocalEulerAnglesHint: {x: 45, y: 0, z: 0}
--- !u!114 &491644762
MonoBehaviour:
  m_ObjectHideFlags: 0
  m_PrefabParentObject: {fileID: 0}
  m_PrefabInternal: {fileID: 0}
  m_GameObject: {fileID: 491644756}
  m_Enabled: 1
  m_EditorHideFlags: 0
  m_Script: {fileID: 11500000, guid: b081b62042a0df44fb0ec25db8831ec4, type: 3}
  m_Name: 
  m_EditorClassIdentifier: 
  player: {fileID: 1334212127}
--- !u!1 &519049543
GameObject:
  m_ObjectHideFlags: 0
  m_PrefabParentObject: {fileID: 0}
  m_PrefabInternal: {fileID: 0}
  serializedVersion: 5
  m_Component:
  - component: {fileID: 519049544}
  - component: {fileID: 519049547}
  - component: {fileID: 519049546}
  - component: {fileID: 519049545}
  m_Layer: 0
  m_Name: Wall4
  m_TagString: Untagged
  m_Icon: {fileID: 0}
  m_NavMeshLayer: 0
  m_StaticEditorFlags: 0
  m_IsActive: 1
--- !u!4 &519049544
Transform:
  m_ObjectHideFlags: 0
  m_PrefabParentObject: {fileID: 0}
  m_PrefabInternal: {fileID: 0}
  m_GameObject: {fileID: 519049543}
  m_LocalRotation: {x: -0, y: 0.7071068, z: -0, w: 0.7071068}
  m_LocalPosition: {x: -10, y: 0, z: 0}
  m_LocalScale: {x: 20, y: 1, z: 0.5}
  m_Children: []
  m_Father: {fileID: 787646037}
  m_RootOrder: 3
  m_LocalEulerAnglesHint: {x: 0, y: 90, z: 0}
--- !u!23 &519049545
MeshRenderer:
  m_ObjectHideFlags: 0
  m_PrefabParentObject: {fileID: 0}
  m_PrefabInternal: {fileID: 0}
  m_GameObject: {fileID: 519049543}
  m_Enabled: 1
  m_CastShadows: 1
  m_ReceiveShadows: 1
  m_MotionVectors: 1
  m_LightProbeUsage: 1
  m_ReflectionProbeUsage: 1
  m_Materials:
  - {fileID: 2100000, guid: deee479ce197e9549a52921f661752de, type: 2}
  m_StaticBatchInfo:
    firstSubMesh: 0
    subMeshCount: 0
  m_StaticBatchRoot: {fileID: 0}
  m_ProbeAnchor: {fileID: 0}
  m_LightProbeVolumeOverride: {fileID: 0}
  m_ScaleInLightmap: 1
  m_PreserveUVs: 1
  m_IgnoreNormalsForChartDetection: 0
  m_ImportantGI: 0
  m_SelectedEditorRenderState: 3
  m_MinimumChartSize: 4
  m_AutoUVMaxDistance: 0.5
  m_AutoUVMaxAngle: 89
  m_LightmapParameters: {fileID: 0}
  m_SortingLayerID: 0
  m_SortingLayer: 0
  m_SortingOrder: 0
--- !u!65 &519049546
BoxCollider:
  m_ObjectHideFlags: 0
  m_PrefabParentObject: {fileID: 0}
  m_PrefabInternal: {fileID: 0}
  m_GameObject: {fileID: 519049543}
  m_Material: {fileID: 0}
  m_IsTrigger: 0
  m_Enabled: 1
  serializedVersion: 2
  m_Size: {x: 1, y: 1, z: 1}
  m_Center: {x: 0, y: 0, z: 0}
--- !u!33 &519049547
MeshFilter:
  m_ObjectHideFlags: 0
  m_PrefabParentObject: {fileID: 0}
  m_PrefabInternal: {fileID: 0}
  m_GameObject: {fileID: 519049543}
  m_Mesh: {fileID: 10202, guid: 0000000000000000e000000000000000, type: 0}
--- !u!1 &536116920
GameObject:
  m_ObjectHideFlags: 0
  m_PrefabParentObject: {fileID: 0}
  m_PrefabInternal: {fileID: 0}
  serializedVersion: 5
  m_Component:
  - component: {fileID: 536116921}
  m_Layer: 0
  m_Name: PickUps
  m_TagString: Untagged
  m_Icon: {fileID: 0}
  m_NavMeshLayer: 0
  m_StaticEditorFlags: 0
  m_IsActive: 1
--- !u!4 &536116921
Transform:
  m_ObjectHideFlags: 0
  m_PrefabParentObject: {fileID: 0}
  m_PrefabInternal: {fileID: 0}
  m_GameObject: {fileID: 536116920}
  m_LocalRotation: {x: 0, y: 0, z: 0, w: 1}
  m_LocalPosition: {x: 0, y: 0, z: 0}
  m_LocalScale: {x: 1, y: 1, z: 1}
  m_Children:
  - {fileID: 937983712}
  - {fileID: 935628298}
  - {fileID: 1826961101}
  - {fileID: 779437939}
  - {fileID: 1592915811}
  - {fileID: 2025588098}
  - {fileID: 1113589319}
  - {fileID: 910743442}
  - {fileID: 1725437555}
  m_Father: {fileID: 0}
  m_RootOrder: 5
  m_LocalEulerAnglesHint: {x: 0, y: 0, z: 0}
--- !u!1001 &668888766
Prefab:
  m_ObjectHideFlags: 0
  serializedVersion: 2
  m_Modification:
    m_TransformParent: {fileID: 536116921}
    m_Modifications:
    - target: {fileID: 4139051546527618, guid: bad474ae11bea6d45b1c63e2c254fa2b, type: 2}
      propertyPath: m_LocalPosition.x
      value: -5.21
      objectReference: {fileID: 0}
    - target: {fileID: 4139051546527618, guid: bad474ae11bea6d45b1c63e2c254fa2b, type: 2}
      propertyPath: m_LocalPosition.y
      value: 0.5
      objectReference: {fileID: 0}
    - target: {fileID: 4139051546527618, guid: bad474ae11bea6d45b1c63e2c254fa2b, type: 2}
      propertyPath: m_LocalPosition.z
      value: 2.34
      objectReference: {fileID: 0}
    - target: {fileID: 4139051546527618, guid: bad474ae11bea6d45b1c63e2c254fa2b, type: 2}
      propertyPath: m_LocalRotation.x
      value: 0.62895274
      objectReference: {fileID: 0}
    - target: {fileID: 4139051546527618, guid: bad474ae11bea6d45b1c63e2c254fa2b, type: 2}
      propertyPath: m_LocalRotation.y
      value: 0.2674633
      objectReference: {fileID: 0}
    - target: {fileID: 4139051546527618, guid: bad474ae11bea6d45b1c63e2c254fa2b, type: 2}
      propertyPath: m_LocalRotation.z
      value: -0.33791307
      objectReference: {fileID: 0}
    - target: {fileID: 4139051546527618, guid: bad474ae11bea6d45b1c63e2c254fa2b, type: 2}
      propertyPath: m_LocalRotation.w
      value: 0.6470677
      objectReference: {fileID: 0}
    - target: {fileID: 4139051546527618, guid: bad474ae11bea6d45b1c63e2c254fa2b, type: 2}
      propertyPath: m_RootOrder
      value: 1
      objectReference: {fileID: 0}
    - target: {fileID: 4139051546527618, guid: bad474ae11bea6d45b1c63e2c254fa2b, type: 2}
      propertyPath: m_LocalScale.x
      value: 0.49999994
      objectReference: {fileID: 0}
    - target: {fileID: 4139051546527618, guid: bad474ae11bea6d45b1c63e2c254fa2b, type: 2}
      propertyPath: m_LocalScale.z
      value: 0.50000024
      objectReference: {fileID: 0}
    - target: {fileID: 1129817922613920, guid: bad474ae11bea6d45b1c63e2c254fa2b, type: 2}
      propertyPath: m_Name
      value: Cube (1)
      objectReference: {fileID: 0}
    m_RemovedComponents: []
  m_ParentPrefab: {fileID: 100100000, guid: bad474ae11bea6d45b1c63e2c254fa2b, type: 2}
  m_IsPrefabParent: 0
--- !u!1 &728972051
GameObject:
  m_ObjectHideFlags: 0
  m_PrefabParentObject: {fileID: 0}
  m_PrefabInternal: {fileID: 0}
  serializedVersion: 5
  m_Component:
  - component: {fileID: 728972055}
  - component: {fileID: 728972054}
  - component: {fileID: 728972053}
  - component: {fileID: 728972052}
  m_Layer: 0
  m_Name: Ground
  m_TagString: Untagged
  m_Icon: {fileID: 0}
  m_NavMeshLayer: 0
  m_StaticEditorFlags: 0
  m_IsActive: 1
--- !u!23 &728972052
MeshRenderer:
  m_ObjectHideFlags: 0
  m_PrefabParentObject: {fileID: 0}
  m_PrefabInternal: {fileID: 0}
  m_GameObject: {fileID: 728972051}
  m_Enabled: 1
  m_CastShadows: 1
  m_ReceiveShadows: 1
  m_MotionVectors: 1
  m_LightProbeUsage: 1
  m_ReflectionProbeUsage: 1
  m_Materials:
  - {fileID: 2100000, guid: deee479ce197e9549a52921f661752de, type: 2}
  m_StaticBatchInfo:
    firstSubMesh: 0
    subMeshCount: 0
  m_StaticBatchRoot: {fileID: 0}
  m_ProbeAnchor: {fileID: 0}
  m_LightProbeVolumeOverride: {fileID: 0}
  m_ScaleInLightmap: 1
  m_PreserveUVs: 1
  m_IgnoreNormalsForChartDetection: 0
  m_ImportantGI: 0
  m_SelectedEditorRenderState: 3
  m_MinimumChartSize: 4
  m_AutoUVMaxDistance: 0.5
  m_AutoUVMaxAngle: 89
  m_LightmapParameters: {fileID: 0}
  m_SortingLayerID: 0
  m_SortingLayer: 0
  m_SortingOrder: 0
--- !u!64 &728972053
MeshCollider:
  m_ObjectHideFlags: 0
  m_PrefabParentObject: {fileID: 0}
  m_PrefabInternal: {fileID: 0}
  m_GameObject: {fileID: 728972051}
  m_Material: {fileID: 0}
  m_IsTrigger: 0
  m_Enabled: 1
  serializedVersion: 2
  m_Convex: 0
  m_InflateMesh: 0
  m_SkinWidth: 0.01
  m_Mesh: {fileID: 10209, guid: 0000000000000000e000000000000000, type: 0}
--- !u!33 &728972054
MeshFilter:
  m_ObjectHideFlags: 0
  m_PrefabParentObject: {fileID: 0}
  m_PrefabInternal: {fileID: 0}
  m_GameObject: {fileID: 728972051}
  m_Mesh: {fileID: 10209, guid: 0000000000000000e000000000000000, type: 0}
--- !u!4 &728972055
Transform:
  m_ObjectHideFlags: 0
  m_PrefabParentObject: {fileID: 0}
  m_PrefabInternal: {fileID: 0}
  m_GameObject: {fileID: 728972051}
  m_LocalRotation: {x: 0, y: 0, z: 0, w: 1}
  m_LocalPosition: {x: 0, y: 0, z: 0}
  m_LocalScale: {x: 2, y: 1, z: 2}
  m_Children: []
  m_Father: {fileID: 0}
  m_RootOrder: 1
  m_LocalEulerAnglesHint: {x: 0, y: 0, z: 0}
--- !u!4 &779437939 stripped
Transform:
  m_PrefabParentObject: {fileID: 4139051546527618, guid: bad474ae11bea6d45b1c63e2c254fa2b,
    type: 2}
  m_PrefabInternal: {fileID: 1371841301}
--- !u!1 &787646036
GameObject:
  m_ObjectHideFlags: 0
  m_PrefabParentObject: {fileID: 0}
  m_PrefabInternal: {fileID: 0}
  serializedVersion: 5
  m_Component:
  - component: {fileID: 787646037}
  m_Layer: 0
  m_Name: Walls
  m_TagString: Untagged
  m_Icon: {fileID: 0}
  m_NavMeshLayer: 0
  m_StaticEditorFlags: 0
  m_IsActive: 1
--- !u!4 &787646037
Transform:
  m_ObjectHideFlags: 0
  m_PrefabParentObject: {fileID: 0}
  m_PrefabInternal: {fileID: 0}
  m_GameObject: {fileID: 787646036}
  m_LocalRotation: {x: -0, y: -0, z: -0, w: 1}
  m_LocalPosition: {x: 0, y: 0, z: 0}
  m_LocalScale: {x: 1, y: 1, z: 1}
  m_Children:
  - {fileID: 1361801323}
  - {fileID: 1800506227}
  - {fileID: 1136532370}
  - {fileID: 519049544}
  m_Father: {fileID: 0}
  m_RootOrder: 4
  m_LocalEulerAnglesHint: {x: 0, y: 0, z: 0}
--- !u!1 &865650423
GameObject:
  m_ObjectHideFlags: 0
  m_PrefabParentObject: {fileID: 0}
  m_PrefabInternal: {fileID: 0}
  serializedVersion: 5
  m_Component:
  - component: {fileID: 865650427}
  - component: {fileID: 865650426}
  - component: {fileID: 865650425}
  - component: {fileID: 865650424}
  m_Layer: 5
  m_Name: Canvas
  m_TagString: Untagged
  m_Icon: {fileID: 0}
  m_NavMeshLayer: 0
  m_StaticEditorFlags: 0
  m_IsActive: 1
--- !u!114 &865650424
MonoBehaviour:
  m_ObjectHideFlags: 0
  m_PrefabParentObject: {fileID: 0}
  m_PrefabInternal: {fileID: 0}
  m_GameObject: {fileID: 865650423}
  m_Enabled: 1
  m_EditorHideFlags: 0
  m_Script: {fileID: 1301386320, guid: f5f67c52d1564df4a8936ccd202a3bd8, type: 3}
  m_Name: 
  m_EditorClassIdentifier: 
  m_IgnoreReversedGraphics: 1
  m_BlockingObjects: 0
  m_BlockingMask:
    serializedVersion: 2
    m_Bits: 4294967295
--- !u!114 &865650425
MonoBehaviour:
  m_ObjectHideFlags: 0
  m_PrefabParentObject: {fileID: 0}
  m_PrefabInternal: {fileID: 0}
  m_GameObject: {fileID: 865650423}
  m_Enabled: 1
  m_EditorHideFlags: 0
  m_Script: {fileID: 1980459831, guid: f5f67c52d1564df4a8936ccd202a3bd8, type: 3}
  m_Name: 
  m_EditorClassIdentifier: 
  m_UiScaleMode: 0
  m_ReferencePixelsPerUnit: 100
  m_ScaleFactor: 1
  m_ReferenceResolution: {x: 800, y: 600}
  m_ScreenMatchMode: 0
  m_MatchWidthOrHeight: 0
  m_PhysicalUnit: 3
  m_FallbackScreenDPI: 96
  m_DefaultSpriteDPI: 96
  m_DynamicPixelsPerUnit: 1
--- !u!223 &865650426
Canvas:
  m_ObjectHideFlags: 0
  m_PrefabParentObject: {fileID: 0}
  m_PrefabInternal: {fileID: 0}
  m_GameObject: {fileID: 865650423}
  m_Enabled: 1
  serializedVersion: 3
  m_RenderMode: 0
  m_Camera: {fileID: 0}
  m_PlaneDistance: 100
  m_PixelPerfect: 0
  m_ReceivesEvents: 1
  m_OverrideSorting: 0
  m_OverridePixelPerfect: 0
  m_SortingBucketNormalizedSize: 0
  m_AdditionalShaderChannelsFlag: 0
  m_SortingLayerID: 0
  m_SortingOrder: 0
  m_TargetDisplay: 0
--- !u!224 &865650427
RectTransform:
  m_ObjectHideFlags: 0
  m_PrefabParentObject: {fileID: 0}
  m_PrefabInternal: {fileID: 0}
  m_GameObject: {fileID: 865650423}
  m_LocalRotation: {x: 0, y: 0, z: 0, w: 1}
  m_LocalPosition: {x: 0, y: 0, z: 0}
  m_LocalScale: {x: 0, y: 0, z: 0}
  m_Children:
  - {fileID: 140875921}
  m_Father: {fileID: 0}
  m_RootOrder: 6
  m_LocalEulerAnglesHint: {x: 0, y: 0, z: 0}
  m_AnchorMin: {x: 0, y: 0}
  m_AnchorMax: {x: 0, y: 0}
  m_AnchoredPosition: {x: 0, y: 0}
  m_SizeDelta: {x: 0, y: 0}
  m_Pivot: {x: 0, y: 0}
--- !u!4 &910743442 stripped
Transform:
  m_PrefabParentObject: {fileID: 4139051546527618, guid: bad474ae11bea6d45b1c63e2c254fa2b,
    type: 2}
  m_PrefabInternal: {fileID: 1411845193}
--- !u!4 &935628298 stripped
Transform:
  m_PrefabParentObject: {fileID: 4139051546527618, guid: bad474ae11bea6d45b1c63e2c254fa2b,
    type: 2}
  m_PrefabInternal: {fileID: 668888766}
--- !u!4 &937983712 stripped
Transform:
  m_PrefabParentObject: {fileID: 4139051546527618, guid: bad474ae11bea6d45b1c63e2c254fa2b,
    type: 2}
  m_PrefabInternal: {fileID: 1136916660}
--- !u!1 &989142324
GameObject:
  m_ObjectHideFlags: 0
  m_PrefabParentObject: {fileID: 0}
  m_PrefabInternal: {fileID: 0}
  serializedVersion: 5
  m_Component:
  - component: {fileID: 989142327}
  - component: {fileID: 989142326}
  - component: {fileID: 989142325}
  m_Layer: 0
  m_Name: EventSystem
  m_TagString: Untagged
  m_Icon: {fileID: 0}
  m_NavMeshLayer: 0
  m_StaticEditorFlags: 0
  m_IsActive: 1
--- !u!114 &989142325
MonoBehaviour:
  m_ObjectHideFlags: 0
  m_PrefabParentObject: {fileID: 0}
  m_PrefabInternal: {fileID: 0}
  m_GameObject: {fileID: 989142324}
  m_Enabled: 1
  m_EditorHideFlags: 0
  m_Script: {fileID: 1077351063, guid: f5f67c52d1564df4a8936ccd202a3bd8, type: 3}
  m_Name: 
  m_EditorClassIdentifier: 
  m_HorizontalAxis: Horizontal
  m_VerticalAxis: Vertical
  m_SubmitButton: Submit
  m_CancelButton: Cancel
  m_InputActionsPerSecond: 10
  m_RepeatDelay: 0.5
  m_ForceModuleActive: 0
--- !u!114 &989142326
MonoBehaviour:
  m_ObjectHideFlags: 0
  m_PrefabParentObject: {fileID: 0}
  m_PrefabInternal: {fileID: 0}
  m_GameObject: {fileID: 989142324}
  m_Enabled: 1
  m_EditorHideFlags: 0
  m_Script: {fileID: -619905303, guid: f5f67c52d1564df4a8936ccd202a3bd8, type: 3}
  m_Name: 
  m_EditorClassIdentifier: 
  m_FirstSelected: {fileID: 0}
  m_sendNavigationEvents: 1
  m_DragThreshold: 5
--- !u!4 &989142327
Transform:
  m_ObjectHideFlags: 0
  m_PrefabParentObject: {fileID: 0}
  m_PrefabInternal: {fileID: 0}
  m_GameObject: {fileID: 989142324}
  m_LocalRotation: {x: 0, y: 0, z: 0, w: 1}
  m_LocalPosition: {x: 0, y: 0, z: 0}
  m_LocalScale: {x: 1, y: 1, z: 1}
  m_Children: []
  m_Father: {fileID: 0}
  m_RootOrder: 7
  m_LocalEulerAnglesHint: {x: 0, y: 0, z: 0}
--- !u!1001 &1038988709
Prefab:
  m_ObjectHideFlags: 0
  serializedVersion: 2
  m_Modification:
    m_TransformParent: {fileID: 536116921}
    m_Modifications:
    - target: {fileID: 4139051546527618, guid: bad474ae11bea6d45b1c63e2c254fa2b, type: 2}
      propertyPath: m_LocalPosition.x
      value: -0.5
      objectReference: {fileID: 0}
    - target: {fileID: 4139051546527618, guid: bad474ae11bea6d45b1c63e2c254fa2b, type: 2}
      propertyPath: m_LocalPosition.y
      value: 0.5
      objectReference: {fileID: 0}
    - target: {fileID: 4139051546527618, guid: bad474ae11bea6d45b1c63e2c254fa2b, type: 2}
      propertyPath: m_LocalPosition.z
      value: -5.31
      objectReference: {fileID: 0}
    - target: {fileID: 4139051546527618, guid: bad474ae11bea6d45b1c63e2c254fa2b, type: 2}
      propertyPath: m_LocalRotation.x
      value: 0.62895274
      objectReference: {fileID: 0}
    - target: {fileID: 4139051546527618, guid: bad474ae11bea6d45b1c63e2c254fa2b, type: 2}
      propertyPath: m_LocalRotation.y
      value: 0.2674633
      objectReference: {fileID: 0}
    - target: {fileID: 4139051546527618, guid: bad474ae11bea6d45b1c63e2c254fa2b, type: 2}
      propertyPath: m_LocalRotation.z
      value: -0.33791307
      objectReference: {fileID: 0}
    - target: {fileID: 4139051546527618, guid: bad474ae11bea6d45b1c63e2c254fa2b, type: 2}
      propertyPath: m_LocalRotation.w
      value: 0.6470677
      objectReference: {fileID: 0}
    - target: {fileID: 4139051546527618, guid: bad474ae11bea6d45b1c63e2c254fa2b, type: 2}
      propertyPath: m_RootOrder
      value: 4
      objectReference: {fileID: 0}
    - target: {fileID: 4139051546527618, guid: bad474ae11bea6d45b1c63e2c254fa2b, type: 2}
      propertyPath: m_LocalScale.x
      value: 0.49999994
      objectReference: {fileID: 0}
    - target: {fileID: 4139051546527618, guid: bad474ae11bea6d45b1c63e2c254fa2b, type: 2}
      propertyPath: m_LocalScale.z
      value: 0.50000024
      objectReference: {fileID: 0}
    - target: {fileID: 1129817922613920, guid: bad474ae11bea6d45b1c63e2c254fa2b, type: 2}
      propertyPath: m_Name
      value: Cube (4)
      objectReference: {fileID: 0}
    m_RemovedComponents: []
  m_ParentPrefab: {fileID: 100100000, guid: bad474ae11bea6d45b1c63e2c254fa2b, type: 2}
  m_IsPrefabParent: 0
--- !u!4 &1113589319 stripped
Transform:
  m_PrefabParentObject: {fileID: 4139051546527618, guid: bad474ae11bea6d45b1c63e2c254fa2b,
    type: 2}
  m_PrefabInternal: {fileID: 1508574311}
--- !u!1 &1136532369
GameObject:
  m_ObjectHideFlags: 0
  m_PrefabParentObject: {fileID: 0}
  m_PrefabInternal: {fileID: 0}
  serializedVersion: 5
  m_Component:
  - component: {fileID: 1136532370}
  - component: {fileID: 1136532373}
  - component: {fileID: 1136532372}
  - component: {fileID: 1136532371}
  m_Layer: 0
  m_Name: Wall3
  m_TagString: Untagged
  m_Icon: {fileID: 0}
  m_NavMeshLayer: 0
  m_StaticEditorFlags: 0
  m_IsActive: 1
--- !u!4 &1136532370
Transform:
  m_ObjectHideFlags: 0
  m_PrefabParentObject: {fileID: 0}
  m_PrefabInternal: {fileID: 0}
  m_GameObject: {fileID: 1136532369}
  m_LocalRotation: {x: 0, y: 0.7071068, z: 0, w: 0.7071068}
  m_LocalPosition: {x: 10, y: 0, z: 0}
  m_LocalScale: {x: 20, y: 1, z: 0.5}
  m_Children: []
  m_Father: {fileID: 787646037}
  m_RootOrder: 2
  m_LocalEulerAnglesHint: {x: 0, y: 90, z: 0}
--- !u!23 &1136532371
MeshRenderer:
  m_ObjectHideFlags: 0
  m_PrefabParentObject: {fileID: 0}
  m_PrefabInternal: {fileID: 0}
  m_GameObject: {fileID: 1136532369}
  m_Enabled: 1
  m_CastShadows: 1
  m_ReceiveShadows: 1
  m_MotionVectors: 1
  m_LightProbeUsage: 1
  m_ReflectionProbeUsage: 1
  m_Materials:
  - {fileID: 2100000, guid: deee479ce197e9549a52921f661752de, type: 2}
  m_StaticBatchInfo:
    firstSubMesh: 0
    subMeshCount: 0
  m_StaticBatchRoot: {fileID: 0}
  m_ProbeAnchor: {fileID: 0}
  m_LightProbeVolumeOverride: {fileID: 0}
  m_ScaleInLightmap: 1
  m_PreserveUVs: 1
  m_IgnoreNormalsForChartDetection: 0
  m_ImportantGI: 0
  m_SelectedEditorRenderState: 3
  m_MinimumChartSize: 4
  m_AutoUVMaxDistance: 0.5
  m_AutoUVMaxAngle: 89
  m_LightmapParameters: {fileID: 0}
  m_SortingLayerID: 0
  m_SortingLayer: 0
  m_SortingOrder: 0
--- !u!65 &1136532372
BoxCollider:
  m_ObjectHideFlags: 0
  m_PrefabParentObject: {fileID: 0}
  m_PrefabInternal: {fileID: 0}
  m_GameObject: {fileID: 1136532369}
  m_Material: {fileID: 0}
  m_IsTrigger: 0
  m_Enabled: 1
  serializedVersion: 2
  m_Size: {x: 1, y: 1, z: 1}
  m_Center: {x: 0, y: 0, z: 0}
--- !u!33 &1136532373
MeshFilter:
  m_ObjectHideFlags: 0
  m_PrefabParentObject: {fileID: 0}
  m_PrefabInternal: {fileID: 0}
  m_GameObject: {fileID: 1136532369}
  m_Mesh: {fileID: 10202, guid: 0000000000000000e000000000000000, type: 0}
--- !u!1001 &1136916660
Prefab:
  m_ObjectHideFlags: 0
  serializedVersion: 2
  m_Modification:
    m_TransformParent: {fileID: 536116921}
    m_Modifications:
    - target: {fileID: 4139051546527618, guid: bad474ae11bea6d45b1c63e2c254fa2b, type: 2}
      propertyPath: m_LocalPosition.x
      value: -2.17
      objectReference: {fileID: 0}
    - target: {fileID: 4139051546527618, guid: bad474ae11bea6d45b1c63e2c254fa2b, type: 2}
      propertyPath: m_LocalPosition.y
      value: 0.5
      objectReference: {fileID: 0}
    - target: {fileID: 4139051546527618, guid: bad474ae11bea6d45b1c63e2c254fa2b, type: 2}
      propertyPath: m_LocalPosition.z
      value: -2.2
      objectReference: {fileID: 0}
    - target: {fileID: 4139051546527618, guid: bad474ae11bea6d45b1c63e2c254fa2b, type: 2}
      propertyPath: m_LocalRotation.x
      value: 0.62895274
      objectReference: {fileID: 0}
    - target: {fileID: 4139051546527618, guid: bad474ae11bea6d45b1c63e2c254fa2b, type: 2}
      propertyPath: m_LocalRotation.y
      value: 0.2674633
      objectReference: {fileID: 0}
    - target: {fileID: 4139051546527618, guid: bad474ae11bea6d45b1c63e2c254fa2b, type: 2}
      propertyPath: m_LocalRotation.z
      value: -0.33791307
      objectReference: {fileID: 0}
    - target: {fileID: 4139051546527618, guid: bad474ae11bea6d45b1c63e2c254fa2b, type: 2}
      propertyPath: m_LocalRotation.w
      value: 0.6470677
      objectReference: {fileID: 0}
    - target: {fileID: 4139051546527618, guid: bad474ae11bea6d45b1c63e2c254fa2b, type: 2}
      propertyPath: m_RootOrder
      value: 0
      objectReference: {fileID: 0}
    m_RemovedComponents: []
  m_ParentPrefab: {fileID: 100100000, guid: bad474ae11bea6d45b1c63e2c254fa2b, type: 2}
  m_IsPrefabParent: 0
--- !u!1 &1334212127
GameObject:
  m_ObjectHideFlags: 0
  m_PrefabParentObject: {fileID: 0}
  m_PrefabInternal: {fileID: 0}
  serializedVersion: 5
  m_Component:
  - component: {fileID: 1334212131}
  - component: {fileID: 1334212130}
  - component: {fileID: 1334212129}
  - component: {fileID: 1334212128}
  - component: {fileID: 1334212133}
  - component: {fileID: 1334212132}
  m_Layer: 0
  m_Name: Player
  m_TagString: Untagged
  m_Icon: {fileID: 0}
  m_NavMeshLayer: 0
  m_StaticEditorFlags: 0
  m_IsActive: 1
--- !u!23 &1334212128
MeshRenderer:
  m_ObjectHideFlags: 0
  m_PrefabParentObject: {fileID: 0}
  m_PrefabInternal: {fileID: 0}
  m_GameObject: {fileID: 1334212127}
  m_Enabled: 1
  m_CastShadows: 1
  m_ReceiveShadows: 1
  m_MotionVectors: 1
  m_LightProbeUsage: 2
  m_ReflectionProbeUsage: 1
  m_Materials:
  - {fileID: 2100000, guid: d1ebd4512b2bf1240a9711673858260e, type: 2}
  m_StaticBatchInfo:
    firstSubMesh: 0
    subMeshCount: 0
  m_StaticBatchRoot: {fileID: 0}
  m_ProbeAnchor: {fileID: 0}
  m_LightProbeVolumeOverride: {fileID: 0}
  m_ScaleInLightmap: 1
  m_PreserveUVs: 1
  m_IgnoreNormalsForChartDetection: 0
  m_ImportantGI: 0
  m_SelectedEditorRenderState: 3
  m_MinimumChartSize: 4
  m_AutoUVMaxDistance: 0.5
  m_AutoUVMaxAngle: 89
  m_LightmapParameters: {fileID: 0}
  m_SortingLayerID: 0
  m_SortingLayer: 0
  m_SortingOrder: 0
--- !u!135 &1334212129
SphereCollider:
  m_ObjectHideFlags: 0
  m_PrefabParentObject: {fileID: 0}
  m_PrefabInternal: {fileID: 0}
  m_GameObject: {fileID: 1334212127}
  m_Material: {fileID: 0}
  m_IsTrigger: 0
  m_Enabled: 1
  serializedVersion: 2
  m_Radius: 0.5
  m_Center: {x: 0, y: 0, z: 0}
--- !u!33 &1334212130
MeshFilter:
  m_ObjectHideFlags: 0
  m_PrefabParentObject: {fileID: 0}
  m_PrefabInternal: {fileID: 0}
  m_GameObject: {fileID: 1334212127}
  m_Mesh: {fileID: 10207, guid: 0000000000000000e000000000000000, type: 0}
--- !u!4 &1334212131
Transform:
  m_ObjectHideFlags: 0
  m_PrefabParentObject: {fileID: 0}
  m_PrefabInternal: {fileID: 0}
  m_GameObject: {fileID: 1334212127}
  m_LocalRotation: {x: -0, y: -0, z: -0, w: 1}
  m_LocalPosition: {x: 0, y: 0.5, z: 0}
  m_LocalScale: {x: 1, y: 1, z: 1}
  m_Children: []
  m_Father: {fileID: 0}
  m_RootOrder: 2
  m_LocalEulerAnglesHint: {x: 0, y: 0, z: 0}
--- !u!54 &1334212132
Rigidbody:
  m_ObjectHideFlags: 0
  m_PrefabParentObject: {fileID: 0}
  m_PrefabInternal: {fileID: 0}
  m_GameObject: {fileID: 1334212127}
  serializedVersion: 2
  m_Mass: 1
  m_Drag: 0
  m_AngularDrag: 0.05
  m_UseGravity: 1
  m_IsKinematic: 0
  m_Interpolate: 0
  m_Constraints: 0
  m_CollisionDetection: 0
--- !u!114 &1334212133
MonoBehaviour:
  m_ObjectHideFlags: 0
  m_PrefabParentObject: {fileID: 0}
  m_PrefabInternal: {fileID: 0}
  m_GameObject: {fileID: 1334212127}
  m_Enabled: 1
  m_EditorHideFlags: 0
  m_Script: {fileID: 11500000, guid: 5d90278a52ce6184a8f753c86116c04f, type: 3}
  m_Name: 
  m_EditorClassIdentifier: 
  speed: 15
  scoreText: {fileID: 140875922}
--- !u!1001 &1351437686
Prefab:
  m_ObjectHideFlags: 0
  serializedVersion: 2
  m_Modification:
    m_TransformParent: {fileID: 536116921}
    m_Modifications:
    - target: {fileID: 4139051546527618, guid: bad474ae11bea6d45b1c63e2c254fa2b, type: 2}
      propertyPath: m_LocalPosition.x
      value: 1.93
      objectReference: {fileID: 0}
    - target: {fileID: 4139051546527618, guid: bad474ae11bea6d45b1c63e2c254fa2b, type: 2}
      propertyPath: m_LocalPosition.y
      value: 0.5
      objectReference: {fileID: 0}
    - target: {fileID: 4139051546527618, guid: bad474ae11bea6d45b1c63e2c254fa2b, type: 2}
      propertyPath: m_LocalPosition.z
      value: 2.4
      objectReference: {fileID: 0}
    - target: {fileID: 4139051546527618, guid: bad474ae11bea6d45b1c63e2c254fa2b, type: 2}
      propertyPath: m_LocalRotation.x
      value: 0.62895274
      objectReference: {fileID: 0}
    - target: {fileID: 4139051546527618, guid: bad474ae11bea6d45b1c63e2c254fa2b, type: 2}
      propertyPath: m_LocalRotation.y
      value: 0.2674633
      objectReference: {fileID: 0}
    - target: {fileID: 4139051546527618, guid: bad474ae11bea6d45b1c63e2c254fa2b, type: 2}
      propertyPath: m_LocalRotation.z
      value: -0.33791307
      objectReference: {fileID: 0}
    - target: {fileID: 4139051546527618, guid: bad474ae11bea6d45b1c63e2c254fa2b, type: 2}
      propertyPath: m_LocalRotation.w
      value: 0.6470677
      objectReference: {fileID: 0}
    - target: {fileID: 4139051546527618, guid: bad474ae11bea6d45b1c63e2c254fa2b, type: 2}
      propertyPath: m_RootOrder
      value: 2
      objectReference: {fileID: 0}
    - target: {fileID: 4139051546527618, guid: bad474ae11bea6d45b1c63e2c254fa2b, type: 2}
      propertyPath: m_LocalScale.x
      value: 0.49999994
      objectReference: {fileID: 0}
    - target: {fileID: 4139051546527618, guid: bad474ae11bea6d45b1c63e2c254fa2b, type: 2}
      propertyPath: m_LocalScale.z
      value: 0.50000024
      objectReference: {fileID: 0}
    - target: {fileID: 1129817922613920, guid: bad474ae11bea6d45b1c63e2c254fa2b, type: 2}
      propertyPath: m_Name
      value: Cube (2)
      objectReference: {fileID: 0}
    m_RemovedComponents: []
  m_ParentPrefab: {fileID: 100100000, guid: bad474ae11bea6d45b1c63e2c254fa2b, type: 2}
  m_IsPrefabParent: 0
--- !u!1 &1361801322
GameObject:
  m_ObjectHideFlags: 0
  m_PrefabParentObject: {fileID: 0}
  m_PrefabInternal: {fileID: 0}
  serializedVersion: 5
  m_Component:
  - component: {fileID: 1361801323}
  - component: {fileID: 1361801326}
  - component: {fileID: 1361801325}
  - component: {fileID: 1361801324}
  m_Layer: 0
  m_Name: Wall1
  m_TagString: Untagged
  m_Icon: {fileID: 0}
  m_NavMeshLayer: 0
  m_StaticEditorFlags: 0
  m_IsActive: 1
--- !u!4 &1361801323
Transform:
  m_ObjectHideFlags: 0
  m_PrefabParentObject: {fileID: 0}
  m_PrefabInternal: {fileID: 0}
  m_GameObject: {fileID: 1361801322}
  m_LocalRotation: {x: 0, y: 0, z: 0, w: 1}
  m_LocalPosition: {x: 0, y: 0, z: -10}
  m_LocalScale: {x: 20, y: 1, z: 0.5}
  m_Children: []
  m_Father: {fileID: 787646037}
  m_RootOrder: 0
  m_LocalEulerAnglesHint: {x: 0, y: 0, z: 0}
--- !u!23 &1361801324
MeshRenderer:
  m_ObjectHideFlags: 0
  m_PrefabParentObject: {fileID: 0}
  m_PrefabInternal: {fileID: 0}
  m_GameObject: {fileID: 1361801322}
  m_Enabled: 1
  m_CastShadows: 1
  m_ReceiveShadows: 1
  m_MotionVectors: 1
  m_LightProbeUsage: 1
  m_ReflectionProbeUsage: 1
  m_Materials:
  - {fileID: 2100000, guid: deee479ce197e9549a52921f661752de, type: 2}
  m_StaticBatchInfo:
    firstSubMesh: 0
    subMeshCount: 0
  m_StaticBatchRoot: {fileID: 0}
  m_ProbeAnchor: {fileID: 0}
  m_LightProbeVolumeOverride: {fileID: 0}
  m_ScaleInLightmap: 1
  m_PreserveUVs: 1
  m_IgnoreNormalsForChartDetection: 0
  m_ImportantGI: 0
  m_SelectedEditorRenderState: 3
  m_MinimumChartSize: 4
  m_AutoUVMaxDistance: 0.5
  m_AutoUVMaxAngle: 89
  m_LightmapParameters: {fileID: 0}
  m_SortingLayerID: 0
  m_SortingLayer: 0
  m_SortingOrder: 0
--- !u!65 &1361801325
BoxCollider:
  m_ObjectHideFlags: 0
  m_PrefabParentObject: {fileID: 0}
  m_PrefabInternal: {fileID: 0}
  m_GameObject: {fileID: 1361801322}
  m_Material: {fileID: 0}
  m_IsTrigger: 0
  m_Enabled: 1
  serializedVersion: 2
  m_Size: {x: 1, y: 1, z: 1}
  m_Center: {x: 0, y: 0, z: 0}
--- !u!33 &1361801326
MeshFilter:
  m_ObjectHideFlags: 0
  m_PrefabParentObject: {fileID: 0}
  m_PrefabInternal: {fileID: 0}
  m_GameObject: {fileID: 1361801322}
  m_Mesh: {fileID: 10202, guid: 0000000000000000e000000000000000, type: 0}
--- !u!1001 &1371841301
Prefab:
  m_ObjectHideFlags: 0
  serializedVersion: 2
  m_Modification:
    m_TransformParent: {fileID: 536116921}
    m_Modifications:
    - target: {fileID: 4139051546527618, guid: bad474ae11bea6d45b1c63e2c254fa2b, type: 2}
      propertyPath: m_LocalPosition.x
      value: 4.97
      objectReference: {fileID: 0}
    - target: {fileID: 4139051546527618, guid: bad474ae11bea6d45b1c63e2c254fa2b, type: 2}
      propertyPath: m_LocalPosition.y
      value: 0.5
      objectReference: {fileID: 0}
    - target: {fileID: 4139051546527618, guid: bad474ae11bea6d45b1c63e2c254fa2b, type: 2}
      propertyPath: m_LocalPosition.z
      value: -3.58
      objectReference: {fileID: 0}
    - target: {fileID: 4139051546527618, guid: bad474ae11bea6d45b1c63e2c254fa2b, type: 2}
      propertyPath: m_LocalRotation.x
      value: 0.62895274
      objectReference: {fileID: 0}
    - target: {fileID: 4139051546527618, guid: bad474ae11bea6d45b1c63e2c254fa2b, type: 2}
      propertyPath: m_LocalRotation.y
      value: 0.2674633
      objectReference: {fileID: 0}
    - target: {fileID: 4139051546527618, guid: bad474ae11bea6d45b1c63e2c254fa2b, type: 2}
      propertyPath: m_LocalRotation.z
      value: -0.33791307
      objectReference: {fileID: 0}
    - target: {fileID: 4139051546527618, guid: bad474ae11bea6d45b1c63e2c254fa2b, type: 2}
      propertyPath: m_LocalRotation.w
      value: 0.6470677
      objectReference: {fileID: 0}
    - target: {fileID: 4139051546527618, guid: bad474ae11bea6d45b1c63e2c254fa2b, type: 2}
      propertyPath: m_RootOrder
      value: 3
      objectReference: {fileID: 0}
    - target: {fileID: 4139051546527618, guid: bad474ae11bea6d45b1c63e2c254fa2b, type: 2}
      propertyPath: m_LocalScale.x
      value: 0.49999994
      objectReference: {fileID: 0}
    - target: {fileID: 4139051546527618, guid: bad474ae11bea6d45b1c63e2c254fa2b, type: 2}
      propertyPath: m_LocalScale.z
      value: 0.50000024
      objectReference: {fileID: 0}
    - target: {fileID: 1129817922613920, guid: bad474ae11bea6d45b1c63e2c254fa2b, type: 2}
      propertyPath: m_Name
      value: Cube (3)
      objectReference: {fileID: 0}
    m_RemovedComponents: []
  m_ParentPrefab: {fileID: 100100000, guid: bad474ae11bea6d45b1c63e2c254fa2b, type: 2}
  m_IsPrefabParent: 0
--- !u!1001 &1411845193
Prefab:
  m_ObjectHideFlags: 0
  serializedVersion: 2
  m_Modification:
    m_TransformParent: {fileID: 536116921}
    m_Modifications:
    - target: {fileID: 4139051546527618, guid: bad474ae11bea6d45b1c63e2c254fa2b, type: 2}
      propertyPath: m_LocalPosition.x
      value: 7.47
      objectReference: {fileID: 0}
    - target: {fileID: 4139051546527618, guid: bad474ae11bea6d45b1c63e2c254fa2b, type: 2}
      propertyPath: m_LocalPosition.y
      value: 0.5
      objectReference: {fileID: 0}
    - target: {fileID: 4139051546527618, guid: bad474ae11bea6d45b1c63e2c254fa2b, type: 2}
      propertyPath: m_LocalPosition.z
      value: 8.36
      objectReference: {fileID: 0}
    - target: {fileID: 4139051546527618, guid: bad474ae11bea6d45b1c63e2c254fa2b, type: 2}
      propertyPath: m_LocalRotation.x
      value: 0.62895274
      objectReference: {fileID: 0}
    - target: {fileID: 4139051546527618, guid: bad474ae11bea6d45b1c63e2c254fa2b, type: 2}
      propertyPath: m_LocalRotation.y
      value: 0.2674633
      objectReference: {fileID: 0}
    - target: {fileID: 4139051546527618, guid: bad474ae11bea6d45b1c63e2c254fa2b, type: 2}
      propertyPath: m_LocalRotation.z
      value: -0.33791307
      objectReference: {fileID: 0}
    - target: {fileID: 4139051546527618, guid: bad474ae11bea6d45b1c63e2c254fa2b, type: 2}
      propertyPath: m_LocalRotation.w
      value: 0.6470677
      objectReference: {fileID: 0}
    - target: {fileID: 4139051546527618, guid: bad474ae11bea6d45b1c63e2c254fa2b, type: 2}
      propertyPath: m_RootOrder
      value: 7
      objectReference: {fileID: 0}
    - target: {fileID: 4139051546527618, guid: bad474ae11bea6d45b1c63e2c254fa2b, type: 2}
      propertyPath: m_LocalScale.x
      value: 0.49999994
      objectReference: {fileID: 0}
    - target: {fileID: 4139051546527618, guid: bad474ae11bea6d45b1c63e2c254fa2b, type: 2}
      propertyPath: m_LocalScale.z
      value: 0.50000024
      objectReference: {fileID: 0}
    - target: {fileID: 1129817922613920, guid: bad474ae11bea6d45b1c63e2c254fa2b, type: 2}
      propertyPath: m_Name
      value: Cube (7)
      objectReference: {fileID: 0}
    m_RemovedComponents: []
  m_ParentPrefab: {fileID: 100100000, guid: bad474ae11bea6d45b1c63e2c254fa2b, type: 2}
  m_IsPrefabParent: 0
--- !u!1001 &1508574311
Prefab:
  m_ObjectHideFlags: 0
  serializedVersion: 2
  m_Modification:
    m_TransformParent: {fileID: 536116921}
    m_Modifications:
    - target: {fileID: 4139051546527618, guid: bad474ae11bea6d45b1c63e2c254fa2b, type: 2}
      propertyPath: m_LocalPosition.x
      value: -2.41
      objectReference: {fileID: 0}
    - target: {fileID: 4139051546527618, guid: bad474ae11bea6d45b1c63e2c254fa2b, type: 2}
      propertyPath: m_LocalPosition.y
      value: 0.5
      objectReference: {fileID: 0}
    - target: {fileID: 4139051546527618, guid: bad474ae11bea6d45b1c63e2c254fa2b, type: 2}
      propertyPath: m_LocalPosition.z
      value: 6.33
      objectReference: {fileID: 0}
    - target: {fileID: 4139051546527618, guid: bad474ae11bea6d45b1c63e2c254fa2b, type: 2}
      propertyPath: m_LocalRotation.x
      value: 0.62895274
      objectReference: {fileID: 0}
    - target: {fileID: 4139051546527618, guid: bad474ae11bea6d45b1c63e2c254fa2b, type: 2}
      propertyPath: m_LocalRotation.y
      value: 0.2674633
      objectReference: {fileID: 0}
    - target: {fileID: 4139051546527618, guid: bad474ae11bea6d45b1c63e2c254fa2b, type: 2}
      propertyPath: m_LocalRotation.z
      value: -0.33791307
      objectReference: {fileID: 0}
    - target: {fileID: 4139051546527618, guid: bad474ae11bea6d45b1c63e2c254fa2b, type: 2}
      propertyPath: m_LocalRotation.w
      value: 0.6470677
      objectReference: {fileID: 0}
    - target: {fileID: 4139051546527618, guid: bad474ae11bea6d45b1c63e2c254fa2b, type: 2}
      propertyPath: m_RootOrder
      value: 6
      objectReference: {fileID: 0}
    - target: {fileID: 4139051546527618, guid: bad474ae11bea6d45b1c63e2c254fa2b, type: 2}
      propertyPath: m_LocalScale.x
      value: 0.49999994
      objectReference: {fileID: 0}
    - target: {fileID: 4139051546527618, guid: bad474ae11bea6d45b1c63e2c254fa2b, type: 2}
      propertyPath: m_LocalScale.z
      value: 0.50000024
      objectReference: {fileID: 0}
    - target: {fileID: 1129817922613920, guid: bad474ae11bea6d45b1c63e2c254fa2b, type: 2}
      propertyPath: m_Name
      value: Cube (6)
      objectReference: {fileID: 0}
    m_RemovedComponents: []
  m_ParentPrefab: {fileID: 100100000, guid: bad474ae11bea6d45b1c63e2c254fa2b, type: 2}
  m_IsPrefabParent: 0
--- !u!4 &1592915811 stripped
Transform:
  m_PrefabParentObject: {fileID: 4139051546527618, guid: bad474ae11bea6d45b1c63e2c254fa2b,
    type: 2}
  m_PrefabInternal: {fileID: 1038988709}
--- !u!4 &1725437555 stripped
Transform:
  m_PrefabParentObject: {fileID: 4139051546527618, guid: bad474ae11bea6d45b1c63e2c254fa2b,
    type: 2}
  m_PrefabInternal: {fileID: 2063115151}
--- !u!1 &1800506226
GameObject:
  m_ObjectHideFlags: 0
  m_PrefabParentObject: {fileID: 0}
  m_PrefabInternal: {fileID: 0}
  serializedVersion: 5
  m_Component:
  - component: {fileID: 1800506227}
  - component: {fileID: 1800506230}
  - component: {fileID: 1800506229}
  - component: {fileID: 1800506228}
  m_Layer: 0
  m_Name: Wall2
  m_TagString: Untagged
  m_Icon: {fileID: 0}
  m_NavMeshLayer: 0
  m_StaticEditorFlags: 0
  m_IsActive: 1
--- !u!4 &1800506227
Transform:
  m_ObjectHideFlags: 0
  m_PrefabParentObject: {fileID: 0}
  m_PrefabInternal: {fileID: 0}
  m_GameObject: {fileID: 1800506226}
  m_LocalRotation: {x: -0, y: -0, z: -0, w: 1}
  m_LocalPosition: {x: 0, y: 0, z: 10}
  m_LocalScale: {x: 20, y: 1, z: 0.5}
  m_Children: []
  m_Father: {fileID: 787646037}
  m_RootOrder: 1
  m_LocalEulerAnglesHint: {x: 0, y: 0, z: 0}
--- !u!23 &1800506228
MeshRenderer:
  m_ObjectHideFlags: 0
  m_PrefabParentObject: {fileID: 0}
  m_PrefabInternal: {fileID: 0}
  m_GameObject: {fileID: 1800506226}
  m_Enabled: 1
  m_CastShadows: 1
  m_ReceiveShadows: 1
  m_MotionVectors: 1
  m_LightProbeUsage: 1
  m_ReflectionProbeUsage: 1
  m_Materials:
  - {fileID: 2100000, guid: deee479ce197e9549a52921f661752de, type: 2}
  m_StaticBatchInfo:
    firstSubMesh: 0
    subMeshCount: 0
  m_StaticBatchRoot: {fileID: 0}
  m_ProbeAnchor: {fileID: 0}
  m_LightProbeVolumeOverride: {fileID: 0}
  m_ScaleInLightmap: 1
  m_PreserveUVs: 1
  m_IgnoreNormalsForChartDetection: 0
  m_ImportantGI: 0
  m_SelectedEditorRenderState: 3
  m_MinimumChartSize: 4
  m_AutoUVMaxDistance: 0.5
  m_AutoUVMaxAngle: 89
  m_LightmapParameters: {fileID: 0}
  m_SortingLayerID: 0
  m_SortingLayer: 0
  m_SortingOrder: 0
--- !u!65 &1800506229
BoxCollider:
  m_ObjectHideFlags: 0
  m_PrefabParentObject: {fileID: 0}
  m_PrefabInternal: {fileID: 0}
  m_GameObject: {fileID: 1800506226}
  m_Material: {fileID: 0}
  m_IsTrigger: 0
  m_Enabled: 1
  serializedVersion: 2
  m_Size: {x: 1, y: 1, z: 1}
  m_Center: {x: 0, y: 0, z: 0}
--- !u!33 &1800506230
MeshFilter:
  m_ObjectHideFlags: 0
  m_PrefabParentObject: {fileID: 0}
  m_PrefabInternal: {fileID: 0}
  m_GameObject: {fileID: 1800506226}
  m_Mesh: {fileID: 10202, guid: 0000000000000000e000000000000000, type: 0}
--- !u!4 &1826961101 stripped
Transform:
  m_PrefabParentObject: {fileID: 4139051546527618, guid: bad474ae11bea6d45b1c63e2c254fa2b,
    type: 2}
  m_PrefabInternal: {fileID: 1351437686}
--- !u!4 &2025588098 stripped
Transform:
  m_PrefabParentObject: {fileID: 4139051546527618, guid: bad474ae11bea6d45b1c63e2c254fa2b,
    type: 2}
  m_PrefabInternal: {fileID: 45517479}
--- !u!1001 &2063115151
Prefab:
  m_ObjectHideFlags: 0
  serializedVersion: 2
  m_Modification:
    m_TransformParent: {fileID: 536116921}
    m_Modifications:
    - target: {fileID: 4139051546527618, guid: bad474ae11bea6d45b1c63e2c254fa2b, type: 2}
      propertyPath: m_LocalPosition.x
      value: 6.3
      objectReference: {fileID: 0}
    - target: {fileID: 4139051546527618, guid: bad474ae11bea6d45b1c63e2c254fa2b, type: 2}
      propertyPath: m_LocalPosition.y
      value: 0.5
      objectReference: {fileID: 0}
    - target: {fileID: 4139051546527618, guid: bad474ae11bea6d45b1c63e2c254fa2b, type: 2}
      propertyPath: m_LocalPosition.z
      value: 0.97
      objectReference: {fileID: 0}
    - target: {fileID: 4139051546527618, guid: bad474ae11bea6d45b1c63e2c254fa2b, type: 2}
      propertyPath: m_LocalRotation.x
      value: 0.62895274
      objectReference: {fileID: 0}
    - target: {fileID: 4139051546527618, guid: bad474ae11bea6d45b1c63e2c254fa2b, type: 2}
      propertyPath: m_LocalRotation.y
      value: 0.2674633
      objectReference: {fileID: 0}
    - target: {fileID: 4139051546527618, guid: bad474ae11bea6d45b1c63e2c254fa2b, type: 2}
      propertyPath: m_LocalRotation.z
      value: -0.33791307
      objectReference: {fileID: 0}
    - target: {fileID: 4139051546527618, guid: bad474ae11bea6d45b1c63e2c254fa2b, type: 2}
      propertyPath: m_LocalRotation.w
      value: 0.6470677
      objectReference: {fileID: 0}
    - target: {fileID: 4139051546527618, guid: bad474ae11bea6d45b1c63e2c254fa2b, type: 2}
      propertyPath: m_RootOrder
      value: 8
      objectReference: {fileID: 0}
    - target: {fileID: 4139051546527618, guid: bad474ae11bea6d45b1c63e2c254fa2b, type: 2}
      propertyPath: m_LocalScale.x
      value: 0.49999994
      objectReference: {fileID: 0}
    - target: {fileID: 4139051546527618, guid: bad474ae11bea6d45b1c63e2c254fa2b, type: 2}
      propertyPath: m_LocalScale.z
      value: 0.50000024
      objectReference: {fileID: 0}
    - target: {fileID: 1129817922613920, guid: bad474ae11bea6d45b1c63e2c254fa2b, type: 2}
      propertyPath: m_Name
      value: Cube (8)
      objectReference: {fileID: 0}
    m_RemovedComponents: []
  m_ParentPrefab: {fileID: 100100000, guid: bad474ae11bea6d45b1c63e2c254fa2b, type: 2}
  m_IsPrefabParent: 0
--- !u!1 &2104640683
GameObject:
  m_ObjectHideFlags: 0
  m_PrefabParentObject: {fileID: 0}
  m_PrefabInternal: {fileID: 0}
  serializedVersion: 5
  m_Component:
  - component: {fileID: 2104640685}
  - component: {fileID: 2104640684}
  m_Layer: 0
  m_Name: Directional Light
  m_TagString: Untagged
  m_Icon: {fileID: 0}
  m_NavMeshLayer: 0
  m_StaticEditorFlags: 0
  m_IsActive: 1
--- !u!108 &2104640684
Light:
  m_ObjectHideFlags: 0
  m_PrefabParentObject: {fileID: 0}
  m_PrefabInternal: {fileID: 0}
  m_GameObject: {fileID: 2104640683}
  m_Enabled: 1
  serializedVersion: 8
  m_Type: 1
  m_Color: {r: 1, g: 0.95686275, b: 0.8392157, a: 1}
  m_Intensity: 1
  m_Range: 10
  m_SpotAngle: 30
  m_CookieSize: 10
  m_Shadows:
    m_Type: 2
    m_Resolution: -1
    m_CustomResolution: -1
    m_Strength: 1
    m_Bias: 0.05
    m_NormalBias: 0.4
    m_NearPlane: 0.2
  m_Cookie: {fileID: 0}
  m_DrawHalo: 0
  m_Flare: {fileID: 0}
  m_RenderMode: 0
  m_CullingMask:
    serializedVersion: 2
    m_Bits: 4294967295
  m_Lightmapping: 4
  m_AreaSize: {x: 1, y: 1}
  m_BounceIntensity: 1
  m_FalloffTable:
    m_Table[0]: 0
    m_Table[1]: 0
    m_Table[2]: 0
    m_Table[3]: 0
    m_Table[4]: 0
    m_Table[5]: 0
    m_Table[6]: 0
    m_Table[7]: 0
    m_Table[8]: 0
    m_Table[9]: 0
    m_Table[10]: 0
    m_Table[11]: 0
    m_Table[12]: 0
  m_ColorTemperature: 6570
  m_UseColorTemperature: 0
  m_ShadowRadius: 0
  m_ShadowAngle: 0
--- !u!4 &2104640685
Transform:
  m_ObjectHideFlags: 0
  m_PrefabParentObject: {fileID: 0}
  m_PrefabInternal: {fileID: 0}
  m_GameObject: {fileID: 2104640683}
  m_LocalRotation: {x: 0.40821788, y: -0.23456968, z: 0.10938163, w: 0.8754261}
  m_LocalPosition: {x: 0.301, y: 4.246, z: -0.519}
  m_LocalScale: {x: 1, y: 1, z: 1}
  m_Children: []
  m_Father: {fileID: 0}
  m_RootOrder: 0
  m_LocalEulerAnglesHint: {x: 50, y: -30, z: 0}
